@ARTICLE{Lamport1986,
  author = {L[eslie] A. Lamport},
  title = {The Gnats and Gnus Document Preparation System},
  journal = {G-Animal's Journal},
  year = 1986,
  volume = 41,
  number = 7,
  pages = "73+",
  month = jul,
}

@article{chen2015theory,
  title={Theory and design of compact hybrid microphone arrays on two-dimensional planes for three-dimensional soundfield analysis},
  author={Chen, Hanchi and Abhayapala, Thushara D and Zhang, Wen},
  journal={The Journal of the Acoustical Society of America},
  volume={138},
  number={5},
  pages={3081--3092},
  year={2015},
  publisher={Acoustical Society of America}
}

@inproceedings{backman2006gradient,
  title={Gradient Microphone Design using Miniature Microphone Arrays},
  author={Backman, Juha},
  booktitle={Audio Engineering Society Convention 121},
  year={2006},
  organization={Audio Engineering Society}
}

@inproceedings{backman2006miniature,
  title={Miniature Microphone Arrays for Multi-channel Recording},
  author={Backman, Juha},
  booktitle={Audio Engineering Society Convention 120},
  year={2006},
  organization={Audio Engineering Society}
}

@misc{Immersiv9:online,
author = {},
title = {Immersive sound \& object-based audio with DPA Microphones},
howpublished = {\url{https://www.dpamicrophones.com/mic-university/immersive-sound-object-based-audio-and-microphones}},
month = {},
year = {},
note = {(Accessed on 01/12/2021)}
}

@article{politis2016microphone,
  title={Microphone array processing for parametric spatial audio techniques},
  author={Politis, Archontis and others},
  year={2016},
  publisher={Aalto University}
}

@book{gitelman1999scripts,
  title={Scripts, grooves, and writing machines: Representing technology in the Edison era},
  author={Gitelman, Lisa},
  year={1999},
  publisher={Stanford University Press}
}

@book{grosvenor2016alexander,
  title={Alexander Graham Bell},
  author={Grosvenor, Edwin S and Wesson, Morgan},
  year={2016},
  publisher={New Word City}
}

@article{ortolani2015introduction,
  title={Introduction to Ambisonics},
  author={Ortolani, Francesca},
  journal={Ironbridge Electronics},
  year={2015}
}

@article{zahorik2005auditory,
  title={Auditory distance perception in humans: A summary of past and present research},
  author={Zahorik, Pavel and Brungart, Douglas S and Bronkhorst, Adelbert W},
  journal={ACTA Acustica united with Acustica},
  volume={91},
  number={3},
  pages={409--420},
  year={2005},
  publisher={S. Hirzel Verlag}
}

@misc{moore1995hearing,
  title={Hearing, chapter Frequency Anlaysis and Masking},
  author={Moore, BC},
  year={1995},
  publisher={Academic Press, San Diego, USA/London, UK}
}

@inproceedings{reardon2017evaluation,
  title={Evaluation of binaural renderers: a methodology},
  author={Reardon, Gregory and Roginska, Agnieszka and Flanagan, Patrick and Calle, Juan Simon and Genovese, Andrea and Zalles, Gabriel and Olko, Marta and Jerez, Christal},
  booktitle={Audio Engineering Society Convention 143},
  year={2017},
  organization={Audio Engineering Society}
}

@article{Betbeder.2017,
 author  = {Betbeder, Laurent},
 date    = {2017-09-19},
 title   = {Near-field 3D Audio Explained},
 journal = {Oculus Developer Blog},
 url     = {https://developer.oculus.com/blog/near-field-3d-audio-explained/},
 urldate = {2020-12-11}
}

@article{hacihabiboglu2017perceptual,
  title={Perceptual spatial audio recording, simulation, and rendering: An overview of spatial-audio techniques based on psychoacoustics},
  author={Hacihabiboglu, Huseyin and De Sena, Enzo and Cvetkovic, Zoran and Johnston, James and Smith III, Julius O},
  journal={IEEE Signal Processing Magazine},
  volume={34},
  number={3},
  pages={36--54},
  year={2017},
  publisher={IEEE}
}

@book{blauert1997spatial,
  title={Spatial hearing: the psychophysics of human sound localization},
  author={Blauert, Jens},
  year={1997},
  publisher={MIT press}
}

@book{manning2013electronic,
  title={Electronic and computer music},
  author={Manning, Peter},
  year={2013},
  publisher={Oxford University Press}
}

@article{malham19953,
  title={3-D sound spatialization using ambisonic techniques},
  author={Malham, David G and Myatt, Anthony},
  journal={Computer music journal},
  volume={19},
  number={4},
  pages={58--70},
  year={1995},
  publisher={JSTOR}
}

@article{sakamoto1976out,
  title={On-Out-of-Head Localization-in Headphone Listening},
  author={Sakamoto, Naraji and Gotoh, Toshiyuki and Kimura, Yoichi},
  journal={Journal of the Audio Engineering Society},
  volume={24},
  number={9},
  pages={710--716},
  year={1976},
  publisher={Audio Engineering Society}
}

@article{cuevas20193d,
  title={3D Tune-In Toolkit: An open-source library for real-time binaural spatialisation},
  author={Cuevas-Rodr{\'\i}guez, Mar{\'\i}a and Picinali, Lorenzo and Gonz{\'a}lez-Toledo, Daniel and Garre, Carlos and de la Rubia-Cuestas, Ernesto and Molina-Tanco, Luis and Reyes-Lecuona, Arcadio},
  journal={PloS one},
  volume={14},
  number={3},
  pages={e0211899},
  year={2019},
  publisher={Public Library of Science San Francisco, CA USA}
}

@article{harley1997american,
  title={An American in Space: Henry Brant's" Spatial Music"},
  author={Harley, Maria Anna},
  journal={American Music},
  pages={70--92},
  year={1997},
  publisher={JSTOR}
}

@misc{harvey1927binaural,
  title={Binaural telephone system},
  author={Harvey, Fletcher and Sivian, Leon J},
  year={1927},
  month=apr # "~12",
  publisher={Google Patents},
  note={US Patent 1,624,486}
}

@article{torick1998highlights,
  title={Highlights in the history of multichannel sound},
  author={Torick, Emil},
  journal={Journal of the Audio Engineering Society},
  volume={46},
  number={1/2},
  pages={27--31},
  year={1998},
  publisher={Audio Engineering Society}
}

@article{arnold1959significance,
  title={The Significance of" Cori Spezzati"},
  author={Arnold, Denis},
  journal={Music \& Letters},
  pages={4--14},
  year={1959},
  publisher={JSTOR}
}

@article{zvonar1999history,
  title={A history of spatial music},
  author={Zvonar, Richard},
  journal={Montreal: CEC},
  year={1999}
}

@article{einstein1948music,
  title={Music in the Romantic era},
  author={Einstein, Alfred},
  year={1948}
}

@article{jones199120th,
  title={20th century composers},
  author={Jones, Mark},
  journal={Psychiatric Bulletin},
  volume={15},
  number={7},
  pages={442--445},
  year={1991},
  publisher={Cambridge University Press}
}

@article{bode1984history,
  title={History of electronic sound modification},
  author={Bode, Harald},
  journal={Journal of the Audio Engineering Society},
  volume={32},
  number={10},
  pages={730--739},
  year={1984},
  publisher={Audio Engineering Society}
}

@article{cage1961experimental,
  title={Experimental music},
  author={Cage, John},
  journal={Silence: Lectures and writings},
  volume={7},
  pages={12},
  year={1961},
  publisher={Wesleyan University Press Middletown}
}

@article{mcginn1983stokowski,
  title={Stokowski and the Bell Telephone laboratories: Collaboration in the development of high-fidelity sound reproduction},
  author={McGinn, Robert E},
  journal={Technology and Culture},
  volume={24},
  number={1},
  pages={38--75},
  year={1983},
  publisher={JSTOR}
}

@misc{billingsley1987simulated,
  title={Simulated binaural recording system},
  author={Billingsley, Michael SJC},
  year={1987},
  month=apr # "~21",
  publisher={Google Patents},
  note={US Patent 4,658,932}
}

@article{klapholz1991fantasia,
  title={Fantasia: Innovations in sound},
  author={Klapholz, Jesse},
  journal={Journal of the Audio Engineering Society},
  volume={39},
  number={1/2},
  pages={66--70},
  year={1991},
  publisher={Audio Engineering Society}
}

@online{ms_stereo_pic,
 author  = "Iainf",
 title   = "Mid-Side Stereo Microphone Technique with Omni-directional Mid",
 year    = "2007",
 urlseen = "01-08-21",
 url     = "https://upload.wikimedia.org/wikipedia/commons/8/8a/MS_stereo.svg",
}

@inproceedings{zalles2019effects,
  title={Effects of Capsule Coincidence in FOA Using MEMS: Objective Experiment},
  author={Zalles, Gabriel},
  booktitle={Audio Engineering Society Convention 147},
  year={2019},
  organization={Audio Engineering Society}
}

@article{lee3d,
  title={3D MICROPHONE ARRAY RECORDING COMPARISON (3D-MARCo)},
  author={Lee, Hyunkook and Johnson, Dale}
}

@online{theatrophone_pic,
 author  = "Unknown author",
 title   = "Theatrophon",
 urlseen = "01-08-21",
 url     = "https://commons.wikimedia.org/wiki/Category:Th%C3%A9%C3%A2trophone#/media/File:Theatrophon_Empfangsgerat.jpg",
}

@article{lipshitz1986stereo,
  title={Stereo microphone techniques: Are the purists wrong?},
  author={Lipshitz, Stanley P},
  journal={Journal of the Audio Engineering Society},
  volume={34},
  number={9},
  pages={716--744},
  year={1986},
  publisher={Audio Engineering Society}
}

@article{lavalle2016virtual,
  title={Virtual reality},
  author={LaValle, Steven},
  year={2016},
  publisher={National Programme on Technology Enhanced Learning (NPTEL)}
}

@online{body_planes_pic,
 author  = "National Cancer Institute",
 title   = "Planes of the Body",
 year    = "2007",
 urlseen = "01-08-21",
 url     = "https://upload.wikimedia.org/wikipedia/commons/3/34/BodyPlanes.jpg
",
}


@article{algazi2002use,
  title={The use of head-and-torso models for improved spatial sound synthesis},
  author={Algazi, Ralph and Duda, Richard O and Thompson, Dennis M},
  year={2002}
}

@online{fig8_pic,
 author  = "Galak76",
 title   = "Figure-8 Polar Pattern",
 year    = "2007",
 urlseen = "01-08-21",
 url     = "https://upload.wikimedia.org/wikipedia/commons/a/a2/Polar_pattern_figure_eight.svg",
}

@online{omni_pic,
 author  = "Galak76",
 title   = "Omnidirection Polar Pattern",
 year    = "2007",
 urlseen = "01-08-21",
 url     = "https://upload.wikimedia.org/wikipedia/commons/5/56/Polar_pattern_omnidirectional.svg",
}

@online{card_pic,
 author  = "Nicoguaro",
 title   = "Cardioid Polar Pattern",
 year    = "2016",
 urlseen = "01-08-21",
 url     = "https://upload.wikimedia.org/wikipedia/commons/9/93/Polar_pattern_cardioid.svg",
}


@article{davis2003history,
  title={History of spatial coding},
  author={Davis, Mark F},
  journal={Journal of the Audio Engineering Society},
  volume={51},
  number={6},
  pages={554--569},
  year={2003},
  publisher={Audio Engineering Society}
}

@article{fletcher1942hearing,
  title={Hearing, the determining factor for high-fidelity transmission},
  author={Fletcher, Harvey},
  journal={Proceedings of the IRE},
  volume={30},
  number={6},
  pages={266--277},
  year={1942},
  publisher={IEEE}
}

@incollection{pysiewicz2017instruments,
  title={Instruments for Spatial Sound Control in Real Time Music Performances. A Review},
  author={Pysiewicz, Andreas and Weinzierl, Stefan},
  booktitle={Musical Instruments in the 21st Century},
  pages={273--296},
  year={2017},
  publisher={Springer}
}
%online articles

@misc{2020_stepanoff, title={Alexandra Stepanoff}, url={https://www.thereminvox.com/stories/people/alexandra-stepanoff/}, journal={Theremin Vox}, author={-, Valerio Saggini}, year={2020}, month={Sep}} 
 
@article{zvonar2000extremely,
  title={An extremely brief history of spatial music in the 20th century},
  author={Zvonar, Richard},
  journal={Surround Professional Magazine},
  volume={296},
  year={2000}
}

@article{nettingsmeier2008ambi,
  title={AMBI@ Home The search for extrafrontal intelligence Linux Audio Conference 2008, Cologne},
  author={NETTINGSMEIER, J{\"o}rn},
  year={2008}
}

@article{chowning1971simulation,
  title={The simulation of moving sound sources},
  author={Chowning, John M},
  journal={Journal of the audio engineering society},
  volume={19},
  number={1},
  pages={2--6},
  year={1971},
  publisher={Audio Engineering Society}
}

@article{hagan2017sound,
  title={Sound Anthology: Program Notes},
  author={Hagan’s, Kerry},
  journal={Computer Music Journal},
  volume={41},
  number={1},
  pages={106--113},
  year={2017}
}

@inproceedings{ramakrishnan2006zkm,
  title={The ZKM klangdom},
  author={Ramakrishnan, Chandrasekhar and Go{\ss}mann, Joachim and Br{\"u}mmer, Ludger},
  booktitle={Proceedings of the 2006 conference on New interfaces for musical expression},
  pages={140--143},
  year={2006}
}

@article{hagan2012aesthetic,
  title={Aesthetic and philosophical implications of noise in morphons and bions (2011)},
  author={Hagan, Kerry L},
  year={2012}
}

@article{hagan2017textural,
  title={Textural composition: Aesthetics, techniques, and spatialization for high-density loudspeaker arrays},
  author={Hagan, Kerry L},
  journal={Computer Music Journal},
  volume={41},
  number={1},
  pages={34--45},
  year={2017},
  publisher={MITP}
}

@article{lyon2016genesis,
  title={Genesis of the cube: The design and deployment of an hdla-based performance and research facility},
  author={Lyon, Eric and Caulkins, Terence and Blount, Denis and Ico Bukvic, Ivica and Nichols, Charles and Roan, Michael and Upthegrove, Tanner},
  journal={Computer Music Journal},
  volume={40},
  number={4},
  pages={62--78},
  year={2016},
  publisher={MIT Press}
}

@article{barrett2016musical,
  title={A musical journey towards permanent high-density loudspeaker arrays},
  author={Barrett, Natasha},
  journal={Computer Music Journal},
  volume={40},
  number={4},
  pages={35--46},
  year={2016},
  publisher={MIT Press}
}

@inproceedings{lopez2019sphear,
  title={The SpHEAR project update: Refining the OctaSpHEAR, a 2nd order ambisonics microphone},
  author={Lopez-Lezcano, Fernando},
  year={2019}
}

@inproceedings{lopez2014architecture,
  title={An Architecture for Reverberation in High Order Ambisonics},
  author={Lopez-Lezcano, Fernando},
  booktitle={Audio Engineering Society Convention 137},
  year={2014},
  organization={Audio Engineering Society}
}

@inproceedings{abel2010estimating,
  title={Estimating room impulse responses from recorded balloon pops},
  author={Abel, Jonathan S and Bryan, Nicholas J and Huang, Patty P and Kolar, Miriam and Pentcheva, Bissera V},
  booktitle={Audio Engineering Society Convention 129},
  year={2010},
  organization={Audio Engineering Society}
}

@article{wendt2017perception,
  title={Perception of spatial sound phenomena created by the icosahedral loudspeaker},
  author={Wendt, Florian and Sharma, Gerriet K and Frank, Matthias and Zotter, Franz and Hoeldrich, Robert},
  journal={Computer Music Journal},
  volume={41},
  number={1},
  pages={76--88},
  year={2017},
  publisher={MIT Press}
}

@article{zhang2017surround,
  title={Surround by sound: A review of spatial audio recording and reproduction},
  author={Zhang, Wen and Samarasinghe, Parasanga N and Chen, Hanchi and Abhayapala, Thushara D},
  journal={Applied Sciences},
  volume={7},
  number={5},
  pages={532},
  year={2017},
  publisher={Multidisciplinary Digital Publishing Institute}
}

@article{smith2019spatial,
  title={A Spatial Sampling Approach to Wave Field Synthesis: PBAP and Huygens Arrays},
  author={Smith III, Julius O},
  journal={arXiv preprint arXiv:1911.07575},
  year={2019}
}

% citations for images
@misc{cc, title={Phonograph}, url={https://search.creativecommons.org/photos/2e41425d-eb13-43bd-9d77-0fb84526ffbe}, journal={CC Search}} 
 
@misc{wikipedia_2020, title={Theremin}, url={https://en.wikipedia.org/wiki/Theremin}, journal={Wikipedia}, publisher={Wikimedia Foundation}, year={2020}, month={Dec}} 
  
@misc{wikipedia_2020_graphic, title={Graphic notation (music)}, url={https://en.wikipedia.org/wiki/Graphic_notation_(music)}, journal={Wikipedia}, publisher={Wikimedia Foundation}, year={2020}, month={Dec}} 
 
@misc{wikipedia_2020_expo, title={Expo 58}, url={https://en.wikipedia.org/wiki/Expo_58}, journal={Wikipedia}, publisher={Wikimedia Foundation}, year={2020}, month={Dec}} 
 
 

